@inproceedings{PianiniSASO2010,
  author    = {Danilo Pianini and
               Sascia Virruso and
               Ronaldo Menezes and
               Andrea Omicini and
               Mirko Viroli},
  title     = {Self Organization in Coordination Systems Using a WordNet-Based Ontology},
  booktitle = {Fourth {IEEE} International Conference on Self-Adaptive and Self-Organizing
               Systems, {SASO} 2010, Budapest, Hungary, 27 September - 1 October
               2010},
  pages     = {114--123},
  year      = {2010},
  url       = {http://dx.doi.org/10.1109/SASO.2010.35},
  doi       = {10.1109/SASO.2010.35},
  timestamp = {Wed, 24 Sep 2014 16:55:05 +0200},
  biburl    = {http://dblp.uni-trier.de/rec/bib/conf/saso/PianiniVMOV10},
  bibsource = {dblp computer science bibliography, http://dblp.org}
}

@inproceedings{PianiniWOA2011,
  author    = {Danilo Pianini and
               Mirko Viroli and
               Sara Montagna},
  title     = {A Simulation Framework for Pervasive Services Ecosystems},
  booktitle = {Proceedings of the 12th Workshop on Objects and Agents, Rende (CS),
               Italy, Jul 4-6, 2011},
  pages     = {150--157},
  year      = {2011},
  url       = {http://ceur-ws.org/Vol-741/ID15_PianiniViroliMontagna.pdf},
  timestamp = {Fri, 09 Dec 2011 14:30:36 +0100},
  biburl    = {http://dblp.uni-trier.de/rec/bib/conf/woa/PianiniVM11},
  bibsource = {dblp computer science bibliography, http://dblp.org}
}

@inproceedings{MontagnaSERENE2011,
  author    = {Sara Montagna and
               Mirko Viroli and
               Matteo Risoldi and
               Danilo Pianini and
               Giovanna Di Marzo Serugendo},
  title     = {Self-organising Pervasive Ecosystems: {A} Crowd Evacuation Example},
  booktitle = {Software Engineering for Resilient Systems - Third International Workshop,
               {SERENE} 2011, Geneva, Switzerland, September 29-30, 2011. Proceedings},
  pages     = {115--129},
  year      = {2011},
  url       = {http://dx.doi.org/10.1007/978-3-642-24124-6_12},
  doi       = {10.1007/978-3-642-24124-6_12},
  timestamp = {Fri, 30 Sep 2011 12:57:51 +0200},
  biburl    = {http://dblp.uni-trier.de/rec/bib/conf/serene/MontagnaVRPS11},
  bibsource = {dblp computer science bibliography, http://dblp.org}
}

@inproceedings{PianiniMASS2011,
  author    = {Danilo Pianini and
               Sara Montagna and
               Mirko Viroli},
  title     = {A Chemical Inspired Simulation Framework for Pervasive Services Ecosystems},
  booktitle = {Federated Conference on Computer Science and Information Systems -
               FedCSIS 2011, Szczecin, Poland, 18-21 September 2011, Proceedings},
  pages     = {667--674},
  year      = {2011},
  url       = {http://fedcsis.eucip.pl/proceedings/pliks/98.pdf},
  timestamp = {Tue, 19 Nov 2013 18:10:37 +0100},
  biburl    = {http://dblp.uni-trier.de/rec/bib/conf/fedcsis/PianiniMV11},
  bibsource = {dblp computer science bibliography, http://dblp.org}
}

@inproceedings{MontagnaSASO2012,
  author    = {Sara Montagna and
               Danilo Pianini and
               Mirko Viroli},
  title     = {Gradient-Based Self-Organisation Patterns of Anticipative Adaptation},
  booktitle = {Sixth {IEEE} International Conference on Self-Adaptive and Self-Organizing
               Systems, {SASO} 2012, Lyon, France, September 10-14, 2012},
  pages     = {169--174},
  year      = {2012},
  url       = {http://dx.doi.org/10.1109/SASO.2012.25},
  doi       = {10.1109/SASO.2012.25},
  timestamp = {Wed, 24 Sep 2014 16:55:05 +0200},
  biburl    = {http://dblp.uni-trier.de/rec/bib/conf/saso/MontagnaPV12},
  bibsource = {dblp computer science bibliography, http://dblp.org}
}

@inproceedings{MontagnaSAC2012,
  author    = {Sara Montagna and
               Danilo Pianini and
               Mirko Viroli},
  title     = {A model for drosophila melanogaster development from a single cell
               to stripe pattern formation},
  booktitle = {Proceedings of the {ACM} Symposium on Applied Computing, {SAC} 2012,
               Riva, Trento, Italy, March 26-30, 2012},
  pages     = {1406--1412},
  year      = {2012},
  url       = {http://doi.acm.org/10.1145/2245276.2231999},
  doi       = {10.1145/2245276.2231999},
  timestamp = {Fri, 08 Jun 2012 19:37:23 +0200},
  biburl    = {http://dblp.uni-trier.de/rec/bib/conf/sac/MontagnaPV12},
  bibsource = {dblp computer science bibliography, http://dblp.org}
}

@inproceedings{ViroliSAC2012,
  author    = {Mirko Viroli and
               Danilo Pianini and
               Sara Montagna and
               Graeme Stevenson},
  title     = {Pervasive ecosystems: a coordination model based on semantic chemistry},
  booktitle = {Proceedings of the {ACM} Symposium on Applied Computing, {SAC} 2012,
               Riva, Trento, Italy, March 26-30, 2012},
  pages     = {295--302},
  year      = {2012},
  url       = {http://doi.acm.org/10.1145/2245276.2245336},
  doi       = {10.1145/2245276.2245336},
  timestamp = {Fri, 08 Jun 2012 19:37:23 +0200},
  biburl    = {http://dblp.uni-trier.de/rec/bib/conf/sac/ViroliPMS12},
  bibsource = {dblp computer science bibliography, http://dblp.org}
}

@inproceedings{ViroliCoordination2012,
  author    = {Mirko Viroli and
               Danilo Pianini and
               Jacob Beal},
  title     = {Linda in Space-Time: An Adaptive Coordination Model for Mobile Ad-Hoc
               Environments},
  booktitle = {Coordination Models and Languages - 14th International Conference,
               {COORDINATION} 2012, Stockholm, Sweden, June 14-15, 2012. Proceedings},
  pages     = {212--229},
  year      = {2012},
  url       = {http://dx.doi.org/10.1007/978-3-642-30829-1_15},
  doi       = {10.1007/978-3-642-30829-1_15},
  timestamp = {Mon, 11 Jun 2012 14:41:04 +0200},
  biburl    = {http://dblp.uni-trier.de/rec/bib/conf/coordination/ViroliPB12},
  bibsource = {dblp computer science bibliography, http://dblp.org}
}

@inproceedings{AnzengruberSocInfo2013,
  author    = {Bernhard Anzengruber and
               Danilo Pianini and
               Jussi Nieminen and
               Alois Ferscha},
  title     = {Predicting Social Density in Mass Events to Prevent Crowd Disasters},
  booktitle = {Social Informatics - 5th International Conference, SocInfo 2013, Kyoto,
               Japan, November 25-27, 2013, Proceedings},
  pages     = {206--215},
  year      = {2013},
  url       = {http://dx.doi.org/10.1007/978-3-319-03260-3_18},
  doi       = {10.1007/978-3-319-03260-3_18},
  timestamp = {Wed, 20 Nov 2013 23:01:38 +0100},
  biburl    = {http://dblp.uni-trier.de/rec/bib/conf/socinfo/AnzengruberPNF13},
  bibsource = {dblp computer science bibliography, http://dblp.org}
}

@inproceedings{StevensonSAC2013,
  author    = {Graeme Stevenson and
               Juan Ye and
               Simon Dobson and
               Danilo Pianini and
               Sara Montagna and
               Mirko Viroli},
  title     = {Combining self-organisation, context-awareness and semantic reasoning:
               the case of resource discovery in opportunistic networks},
  booktitle = {Proceedings of the 28th Annual {ACM} Symposium on Applied Computing,
               {SAC} '13, Coimbra, Portugal, March 18-22, 2013},
  pages     = {1369--1376},
  year      = {2013},
  url       = {http://doi.acm.org/10.1145/2480362.2480619},
  doi       = {10.1145/2480362.2480619},
  timestamp = {Fri, 03 May 2013 17:19:36 +0200},
  biburl    = {http://dblp.uni-trier.de/rec/bib/conf/sac/StevensonYDPMV13},
  bibsource = {dblp computer science bibliography, http://dblp.org}
}

@article{PianiniJOS2013,
  author    = {Danilo Pianini and
               Sara Montagna and
               Mirko Viroli},
  title     = {Chemical-oriented simulation of computational systems with {ALCHEMIST}},
  journal   = {J. Simulation},
  volume    = {7},
  number    = {3},
  pages     = {202--215},
  year      = {2013},
  url       = {http://dx.doi.org/10.1057/jos.2012.27},
  doi       = {10.1057/jos.2012.27},
  timestamp = {Tue, 27 Aug 2013 14:29:37 +0200},
  biburl    = {http://dblp.uni-trier.de/rec/bib/journals/jos/PianiniMV13},
  bibsource = {dblp computer science bibliography, http://dblp.org}
}

@inproceedings{PianiniViroliHPCS2014,
  author    = {Danilo Pianini and
               Mirko Viroli and
               Franco Zambonelli and
               Alois Ferscha},
  title     = {{HPC} from a self-organisation perspective: The case of crowd steering
               at the urban scale},
  booktitle = {International Conference on High Performance Computing {\&} Simulation,
               {HPCS} 2014, Bologna, Italy, 21-25 July, 2014},
  pages     = {460--467},
  year      = {2014},
  url       = {http://dx.doi.org/10.1109/HPCSim.2014.6903721},
  doi       = {10.1109/HPCSim.2014.6903721},
  timestamp = {Sun, 05 Oct 2014 18:10:05 +0200},
  biburl    = {http://dblp.uni-trier.de/rec/bib/conf/hpcs/PianiniVZF14},
  bibsource = {dblp computer science bibliography, http://dblp.org}
}

@inproceedings{PianiniSebastioHPCS2014,
  author    = {Danilo Pianini and
               Stefano Sebastio and
               Andrea Vandin},
  title     = {Distributed statistical analysis of complex systems modeled through
               a chemical metaphor},
  booktitle = {International Conference on High Performance Computing {\&} Simulation,
               {HPCS} 2014, Bologna, Italy, 21-25 July, 2014},
  pages     = {416--423},
  year      = {2014},
  url       = {http://dx.doi.org/10.1109/HPCSim.2014.6903715},
  doi       = {10.1109/HPCSim.2014.6903715},
  timestamp = {Sun, 05 Oct 2014 18:10:05 +0200},
  biburl    = {http://dblp.uni-trier.de/rec/bib/conf/hpcs/PianiniSV14},
  bibsource = {dblp computer science bibliography, http://dblp.org}
}

@article{ZambonelliPMC2015,
  author    = {Franco Zambonelli and
               Andrea Omicini and
               Bernhard Anzengruber and
               Gabriella Castelli and
               De Angelis, Francesco L. and
               Di Marzo Serugendo, Giovanna and
               Dobson, Simon A. and
               Fernandez-Marquez, Jose Luis and
               Alois Ferscha and
               Marco Mamei and
               Stefano Mariani and
               Ambra Molesini and
               Sara Montagna and
               Jussi Nieminen and
               Danilo Pianini and
               Matteo Risoldi and
               Alberto Rosi and
               Graeme Stevenson and
               Mirko Viroli and
               Juan Ye},
  title     = {Developing pervasive multi-agent systems with nature-inspired coordination},
  journal   = {Pervasive and Mobile Computing},
  volume    = {17},
  pages     = {236--252},
  year      = {2015},
  url       = {http://dx.doi.org/10.1016/j.pmcj.2014.12.002},
  doi       = {10.1016/j.pmcj.2014.12.002},
  timestamp = {Wed, 18 Mar 2015 14:32:55 +0100},
  biburl    = {http://dblp.uni-trier.de/rec/bib/journals/percom/ZambonelliOACAS15},
  bibsource = {dblp computer science bibliography, http://dblp.org}
}

@inproceedings{MontagnaMABS2015,
  author    = {Sara Montagna and
               Andrea Omicini and
               Danilo Pianini},
  title     = {Extending the Gillespie's Stochastic Simulation Algorithm for Integrating
               Discrete-Event and Multi-Agent Based Simulation},
  booktitle = {Multi-Agent-Based Simulation {XVI} - International Workshop, {MABS} 2015, Istanbul, Turkey, May 5, 2015, Revised Selected Papers},
  pages     = {3--18},
  year      = {2015},
  url       = {http://dx.doi.org/10.1007/978-3-319-31447-1_1},
  doi       = {10.1007/978-3-319-31447-1_1},
  timestamp = {Tue, 15 Mar 2016 13:31:55 +0100},
  biburl    = {http://dblp.uni-trier.de/rec/bib/conf/mabs/MontagnaOP15},
  bibsource = {dblp computer science bibliography, http://dblp.org}
}

@inproceedings{MontagnaAAMAS2015,
  author    = {Sara Montagna and
               Andrea Omicini and
               Danilo Pianini},
  title     = {A Gillespie-based Computational Model for Integrating Event-driven
               and Multi-Agent Based Simulation: Extended Abstract},
  booktitle = {Proceedings of the 2015 International Conference on Autonomous Agents
               and Multiagent Systems, {AAMAS} 2015, Istanbul, Turkey, May 4-8, 2015},
  pages     = {1763--1764},
  year      = {2015},
  url       = {http://dl.acm.org/citation.cfm?id=2773424},
  timestamp = {Fri, 15 May 2015 17:42:53 +0200},
  biburl    = {http://dblp.uni-trier.de/rec/bib/conf/atal/MontagnaOP15},
  bibsource = {dblp computer science bibliography, http://dblp.org}
}

@inproceedings{DamianiFORTE2015,
  author    = {Ferruccio Damiani and
               Mirko Viroli and
               Danilo Pianini and
               Jacob Beal},
  title     = {Code Mobility Meets Self-organisation: {A} Higher-Order Calculus of
               Computational Fields},
  booktitle = {Formal Techniques for Distributed Objects, Components, and Systems
               - 35th {IFIP} {WG} 6.1 International Conference, {FORTE} 2015, Held
               as Part of the 10th International Federated Conference on Distributed
               Computing Techniques, DisCoTec 2015, Grenoble, France, June 2-4, 2015,
               Proceedings},
  pages     = {113--128},
  year      = {2015},
  url       = {http://dx.doi.org/10.1007/978-3-319-19195-9_8},
  doi       = {10.1007/978-3-319-19195-9_8},
  timestamp = {Wed, 06 May 2015 15:32:40 +0200},
  biburl    = {http://dblp.uni-trier.de/rec/bib/conf/forte/DamianiVPB15},
  bibsource = {dblp computer science bibliography, http://dblp.org}
}

@article{ViroliSCP2015,
  author    = {Mirko Viroli and
               Danilo Pianini and
               Sara Montagna and
               Graeme Stevenson and
               Franco Zambonelli},
  title     = {A coordination model of pervasive service ecosystems},
  journal   = {Sci. Comput. Program.},
  volume    = {110},
  pages     = {3--22},
  year      = {2015},
  url       = {http://dx.doi.org/10.1016/j.scico.2015.06.003},
  doi       = {10.1016/j.scico.2015.06.003},
  timestamp = {Wed, 13 Jan 2016 12:49:30 +0100},
  biburl    = {http://dblp.uni-trier.de/rec/bib/journals/scp/ViroliPMSZ15},
  bibsource = {dblp computer science bibliography, http://dblp.org}
}

@inproceedings{PianiniSAC2015,
  author    = {Danilo Pianini and
               Mirko Viroli and
               Jacob Beal},
  title     = {Protelis: practical aggregate programming},
  booktitle = {Proceedings of the 30th Annual {ACM} Symposium on Applied Computing,
               Salamanca, Spain, April 13-17, 2015},
  pages     = {1846--1853},
  year      = {2015},
  url       = {http://doi.acm.org/10.1145/2695664.2695913},
  doi       = {10.1145/2695664.2695913},
  timestamp = {Tue, 21 Jul 2015 21:17:02 +0200},
  biburl    = {http://dblp.uni-trier.de/rec/bib/conf/sac/PianiniVB15},
  bibsource = {dblp computer science bibliography, http://dblp.org}
}

@article{BealIEEEComputer2015,
  author    = {Jacob Beal and
               Danilo Pianini and
               Mirko Viroli},
  title     = {Aggregate Programming for the Internet of Things},
  journal   = {{IEEE} Computer},
  volume    = {48},
  number    = {9},
  pages     = {22--30},
  year      = {2015},
  url       = {http://dx.doi.org/10.1109/MC.2015.261},
  doi       = {10.1109/MC.2015.261},
  timestamp = {Wed, 16 Dec 2015 10:09:25 +0100},
  biburl    = {http://dblp.uni-trier.de/rec/bib/journals/computer/BealPV15},
  bibsource = {dblp computer science bibliography, http://dblp.org}
}

@inproceedings{ViroliPrima2015,
  author    = {Mirko Viroli and
               Danilo Pianini and
               Alessandro Ricci and
               Pietro Brunetti and
               Angelo Croatti},
  title     = {Multi-agent Systems Meet Aggregate Programming: Towards a Notion of
               Aggregate Plan},
  booktitle = {{PRIMA} 2015: Principles and Practice of Multi-Agent Systems - 18th
               International Conference, Bertinoro, Italy, October 26-30, 2015, Proceedings},
  pages     = {49--64},
  year      = {2015},
  url       = {http://dx.doi.org/10.1007/978-3-319-25524-8_4},
  doi       = {10.1007/978-3-319-25524-8_4},
  timestamp = {Thu, 22 Oct 2015 11:55:04 +0200},
  biburl    = {http://dblp.uni-trier.de/rec/bib/conf/prima/ViroliPRBC15},
  bibsource = {dblp computer science bibliography, http://dblp.org}
}

@inproceedings{PianiniFoCAS2016,
  author    = {Danilo Pianini and
               Angelo Croatti and
               Alessandro Ricci and
               Mirko Viroli},
  title     = {Computational Fields Meet Augmented Reality: Perspectives and Challenges},
  booktitle = {2015 {IEEE} International Conference on Self-Adaptive and Self-Organizing
               Systems Workshops, {SASO} Workshops 2015, Cambridge, MA, USA, September
               21-25, 2015},
  pages     = {80--85},
  year      = {2015},
  url       = {http://dx.doi.org/10.1109/SASOW.2015.18},
  doi       = {10.1109/SASOW.2015.18},
  timestamp = {Mon, 09 Nov 2015 11:20:26 +0100},
  biburl    = {http://dblp.uni-trier.de/rec/bib/conf/saso/PianiniCRV15},
  bibsource = {dblp computer science bibliography, http://dblp.org}
}

@inproceedings{ViroliSASO2015,
  author    = {Mirko Viroli and
               Jacob Beal and
               Ferruccio Damiani and
               Danilo Pianini},
  title     = {Efficient Engineering of Complex Self-Organising Systems by Self-Stabilising
               Fields},
  booktitle = {2015 {IEEE} 9th International Conference on Self-Adaptive and Self-Organizing
               Systems, Cambridge, MA, USA, September 21-25, 2015},
  pages     = {81--90},
  year      = {2015},
  url       = {http://dx.doi.org/10.1109/SASO.2015.16},
  doi       = {10.1109/SASO.2015.16},
  timestamp = {Mon, 09 Nov 2015 10:53:09 +0100},
  biburl    = {http://dblp.uni-trier.de/rec/bib/conf/saso/ViroliBDP15},
  bibsource = {dblp computer science bibliography, http://dblp.org}
}

@inproceedings{PianiniCoordination2016,
  author    = {Danilo Pianini and
               Jacob Beal and
               Mirko Viroli},
  title     = {Improving Gossip Dynamics Through Overlapping Replicates},
  booktitle = {Coordination Models and Languages - 18th {IFIP} {WG} 6.1 International
               Conference, {COORDINATION} 2016, Held as Part of the 11th International
               Federated Conference on Distributed Computing Techniques, DisCoTec
               2016, Heraklion, Crete, Greece, June 6-9, 2016, Proceedings},
  pages     = {192--207},
  year      = {2016},
  url       = {http://dx.doi.org/10.1007/978-3-319-39519-7_12},
  doi       = {10.1007/978-3-319-39519-7_12},
  timestamp = {Wed, 25 May 2016 12:44:08 +0200},
  biburl    = {http://dblp.uni-trier.de/rec/bib/conf/coordination/PianiniBV16},
  bibsource = {dblp computer science bibliography, http://dblp.org}
}

@inproceedings{ViroliUbiComp2016,
  author    = {Mirko Viroli and
               Roberto Casadei and
               Danilo Pianini},
  title     = {On execution platforms for large-scale aggregate computing},
  booktitle = {Proceedings of the 2016 {ACM} International Joint Conference on Pervasive
               and Ubiquitous Computing, UbiComp Adjunct 2016, Heidelberg, Germany,
               September 12-16, 2016},
  pages     = {1321--1326},
  year      = {2016},
  url       = {http://doi.acm.org/10.1145/2968219.2979129},
  doi       = {10.1145/2968219.2979129},
  timestamp = {Tue, 13 Sep 2016 10:20:19 +0200},
  biburl    = {http://dblp.uni-trier.de/rec/bib/conf/huc/ViroliCP16},
  bibsource = {dblp computer science bibliography, http://dblp.org}
}

@inproceedings{ViroliMASS2016,
  author    = {Mirko Viroli and
               Roberto Casadei and
               Danilo Pianini},
  title     = {Simulating Large-scale Aggregate MASs with Alchemist and Scala},
  booktitle = {Proceedings of the 2016 Federated Conference on Computer Science and
               Information Systems, FedCSIS 2016, Gda{\'{n}}sk, Poland, September
               11-14, 2016.},
  pages     = {1495--1504},
  year      = {2016},
  url       = {http://dx.doi.org/10.15439/2016F407},
  doi       = {10.15439/2016F407},
  timestamp = {Tue, 18 Oct 2016 14:39:01 +0200},
  biburl    = {http://dblp.uni-trier.de/rec/bib/conf/fedcsis/ViroliCP16},
  bibsource = {dblp computer science bibliography, http://dblp.org}
}

@inproceedings{RicciIDC2017,
  author    = {Alessandro Ricci and
               Mirko Viroli and
               Andrea Omicini and
               Stefano Mariani and
               Angelo Croatti and
               Danilo Pianini},
  editor    = {Costin Badica and
               Amal El Fallah Seghrouchni and
               Aur{\'{e}}lie Beynier and
               David Camacho and
               C{\'{e}}dric Herpson and
               Koen V. Hindriks and
               Paulo Novais},
  title     = {Spatial Tuples: Augmenting Physical Reality with Tuple Spaces},
  booktitle = {Intelligent Distributed Computing {X} - Proceedings of the 10th International
               Symposium on Intelligent Distributed Computing - {IDC} 2016, Paris,
               France, October 10-12 2016},
  series    = {Studies in Computational Intelligence},
  volume    = {678},
  pages     = {121--130},
  year      = {2016},
  url       = {https://doi.org/10.1007/978-3-319-48829-5_12},
  doi       = {10.1007/978-3-319-48829-5_12},
  timestamp = {Wed, 12 Aug 2020 21:55:18 +0200},
  biburl    = {https://dblp.org/rec/conf/idc/RicciVOMCP16.bib},
  bibsource = {dblp computer science bibliography, https://dblp.org}
}

@article{DobsonKER2014,
  author    = {Simon A. Dobson and
               Mirko Viroli and
               Jose Luis Fernandez-Marquez and
               Franco Zambonelli and
               Graeme Stevenson and
               Giovanna Di Marzo Serugendo and
               Sara Montagna and
               Danilo Pianini and
               Juan Ye and
               Gabriella Castelli and
               Alberto Rosi},
  title     = {Spatial awareness in pervasive ecosystems},
  journal   = {Knowl. Eng. Rev.},
  volume    = {31},
  number    = {4},
  pages     = {343--366},
  year      = {2016},
  url       = {https://doi.org/10.1017/S0269888916000199},
  doi       = {10.1017/S0269888916000199},
  timestamp = {Thu, 14 Oct 2021 09:40:05 +0200},
  biburl    = {https://dblp.org/rec/journals/ker/DobsonVFZSSMPYC16.bib},
  bibsource = {dblp computer science bibliography, https://dblp.org}
}

@inproceedings{BealSASO2016,
  author    = {Jacob Beal and
               Mirko Viroli and
               Danilo Pianini and
               Ferruccio Damiani},
  title     = {Self-Adaptation to Device Distribution Changes},
  booktitle = {10th {IEEE} International Conference on Self-Adaptive and Self-Organizing
               Systems, {SASO} 2016, Augsburg, Germany, September 12-16, 2016},
  pages     = {60--69},
  year      = {2016},
  url       = {http://dx.doi.org/10.1109/SASO.2016.12},
  doi       = {10.1109/SASO.2016.12},
  timestamp = {Tue, 13 Dec 2016 17:41:43 +0100},
  biburl    = {http://dblp.uni-trier.de/rec/bib/conf/saso/BealVPD16},
  bibsource = {dblp computer science bibliography, http://dblp.org}
}

@inproceedings{ViroliECAS2016,
  author       = {Mirko Viroli and
                  Antonio Bucchiarone and
                  Danilo Pianini and
                  Jacob Beal},
  editor       = {Sameh Elnikety and
                  Peter R. Lewis and
                  Christian M{\"{u}}ller{-}Schloer},
  title        = {Combining Self-Organisation and Autonomic Computing in CASs with Aggregate-MAPE},
  booktitle    = {2016 {IEEE} 1st International Workshops on Foundations and Applications
                  of Self* Systems (FAS*W), Augsburg, Germany, September 12-16, 2016},
  pages        = {186--191},
  publisher    = {{IEEE}},
  year         = {2016},
  url          = {https://doi.org/10.1109/FAS-W.2016.49},
  doi          = {10.1109/FAS-W.2016.49},
  timestamp    = {Fri, 24 Mar 2023 00:01:55 +0100},
  biburl       = {https://dblp.org/rec/conf/saso/ViroliBPB16.bib},
  bibsource    = {dblp computer science bibliography, https://dblp.org}
}

@article{TAAS2017,
  author       = {Jacob Beal and
                  Mirko Viroli and
                  Danilo Pianini and
                  Ferruccio Damiani},
  title        = {Self-Adaptation to Device Distribution in the Internet of Things},
  journal      = {{ACM} Trans. Auton. Adapt. Syst.},
  volume       = {12},
  number       = {3},
  pages        = {12:1--12:29},
  year         = {2017},
  url          = {https://doi.org/10.1145/3105758},
  doi          = {10.1145/3105758},
  timestamp    = {Sun, 04 Aug 2024 19:49:39 +0200},
  biburl       = {https://dblp.org/rec/journals/taas/BealVPD17.bib},
  bibsource    = {dblp computer science bibliography, https://dblp.org}
}

@inproceedings{ProtelisTutorial2017,
  author    = {Danilo Pianini and
               Jacob Beal and
               Mirko Viroli},
  title     = {Practical Aggregate Programming with Protelis},
  booktitle = {2nd {IEEE} International Workshops on Foundations and Applications
               of Self* Systems, FAS*W@SASO/ICCAC 2017, Tucson, AZ, USA, September
               18-22, 2017},
  pages     = {391--392},
  year      = {2017},
  url       = {https://doi.org/10.1109/FAS-W.2017.186},
  doi       = {10.1109/FAS-W.2017.186},
  timestamp = {Mon, 23 Oct 2017 12:54:11 +0200},
  biburl    = {http://dblp.org/rec/bib/conf/saso/PianiniBV17},
  bibsource = {dblp computer science bibliography, http://dblp.org}
}

@inproceedings{SASO2017-protelislang,
  author    = {Matteo Francia and
               Danilo Pianini and
               Jacob Beal and
               Mirko Viroli},
  title     = {Towards a Foundational {API} for Resilient Distributed Systems Design},
  booktitle = {2nd {IEEE} International Workshops on Foundations and Applications
               of Self* Systems, FAS*W@SASO/ICCAC 2017, Tucson, AZ, USA, September
               18-22, 2017},
  pages     = {27--32},
  year      = {2017},
  url       = {https://doi.org/10.1109/FAS-W.2017.116},
  doi       = {10.1109/FAS-W.2017.116},
  timestamp = {Mon, 23 Oct 2017 12:54:11 +0200},
  biburl    = {http://dblp.org/rec/bib/conf/saso/FranciaPBV17},
  bibsource = {dblp computer science bibliography, http://dblp.org}
}

@inproceedings{SASO2017-counting,
  author    = {Danilo Pianini and
               Simon Dobson and
               Mirko Viroli},
  title     = {Self-Stabilising Target Counting in Wireless Sensor Networks Using
               Euler Integration},
  booktitle = {11th {IEEE} International Conference on Self-Adaptive and Self-Organizing
               Systems, {SASO} 2017, Tucson, AZ, USA, September 18-22, 2017},
  pages     = {11--20},
  year      = {2017},
  url       = {https://doi.org/10.1109/SASO.2017.10},
  doi       = {10.1109/SASO.2017.10},
  timestamp = {Mon, 23 Oct 2017 09:49:39 +0200},
  biburl    = {http://dblp.org/rec/bib/conf/saso/PianiniDV17},
  bibsource = {dblp computer science bibliography, http://dblp.org}
}

@article{IJAOSE2017,
  author       = {Mirko Viroli and
                  Danilo Pianini and
                  Alessandro Ricci and
                  Angelo Croatti},
  title        = {Aggregate plans for multiagent systems},
  journal      = {Int. J. Agent Oriented Softw. Eng.},
  volume       = {5},
  number       = {4},
  pages        = {336--365},
  year         = {2017},
  url          = {https://doi.org/10.1504/IJAOSE.2017.10008554},
  doi          = {10.1504/IJAOSE.2017.10008554},
  timestamp    = {Sun, 10 May 2020 21:17:04 +0200},
  biburl       = {https://dblp.org/rec/journals/ijaose/ViroliPRC17.bib},
  bibsource    = {dblp computer science bibliography, https://dblp.org}
}

@article{TOMACS2018,
  author       = {Mirko Viroli and
                  Giorgio Audrito and
                  Jacob Beal and
                  Ferruccio Damiani and
                  Danilo Pianini},
  title        = {Engineering Resilient Collective Adaptive Systems by Self-Stabilisation},
  journal      = {{ACM} Trans. Model. Comput. Simul.},
  volume       = {28},
  number       = {2},
  pages        = {16:1--16:28},
  year         = {2018},
  url          = {https://doi.org/10.1145/3177774},
  doi          = {10.1145/3177774},
  timestamp    = {Sat, 08 Jan 2022 02:24:15 +0100},
  biburl       = {https://dblp.org/rec/journals/tomacs/ViroliABDP18.bib},
  bibsource    = {dblp computer science bibliography, https://dblp.org}
}

@article{EXSYS2017,
  author       = {Alessandro Ricci and
                  Mirko Viroli and
                  Andrea Omicini and
                  Stefano Mariani and
                  Angelo Croatti and
                  Danilo Pianini},
  title        = {Spatial Tuples: Augmenting reality with tuples},
  journal      = {Expert Syst. J. Knowl. Eng.},
  volume       = {35},
  number       = {5},
  year         = {2018},
  url          = {https://doi.org/10.1111/exsy.12273},
  doi          = {10.1111/EXSY.12273},
  timestamp    = {Tue, 26 May 2020 08:50:26 +0200},
  biburl       = {https://dblp.org/rec/journals/es/RicciVOMCP18.bib},
  bibsource    = {dblp computer science bibliography, https://dblp.org}
}

@incollection{Coordination2018,
  author       = {Mirko Viroli and
                  Jacob Beal and
                  Ferruccio Damiani and
                  Giorgio Audrito and
                  Roberto Casadei and
                  Danilo Pianini},
  editor       = {Giovanna Di Marzo Serugendo and
                  Michele Loreti},
  title        = {From Field-Based Coordination to Aggregate Computing},
  booktitle    = {Coordination Models and Languages - 20th {IFIP} {WG} 6.1 International
                  Conference, {COORDINATION} 2018, Held as Part of the 13th International
                  Federated Conference on Distributed Computing Techniques, DisCoTec
                  2018, Madrid, Spain, June 18-21, 2018. Proceedings},
  series       = {Lecture Notes in Computer Science},
  volume       = {10852},
  pages        = {252--279},
  publisher    = {Springer},
  year         = {2018},
  url          = {https://doi.org/10.1007/978-3-319-92408-3\_12},
  doi          = {10.1007/978-3-319-92408-3\_12},
  timestamp    = {Sun, 04 Aug 2024 19:42:18 +0200},
  biburl       = {https://dblp.org/rec/conf/coordination/ViroliBDACP18.bib},
  bibsource    = {dblp computer science bibliography, https://dblp.org}
}

@proceedings{ALP4IoT,
  editor    = {Danilo Pianini and
               Guido Salvaneschi},
  title     = {Proceedings First Workshop on Architectures, Languages and Paradigms
               for IoT, ALP4IoT@iFM 2017, Turin, Italy, September 18, 2017},
  series    = {{EPTCS}},
  volume    = {264},
  year      = {2018},
  url       = {http://arxiv.org/abs/1802.00976},
  timestamp = {Mon, 13 Aug 2018 16:48:31 +0200},
  biburl    = {https://dblp.org/rec/journals/corr/abs-1802-00976.bib},
  bibsource = {dblp computer science bibliography, https://dblp.org}
}

@article{FGCS2017,
  author       = {Roberto Casadei and
                  Giancarlo Fortino and
                  Danilo Pianini and
                  Wilma Russo and
                  Claudio Savaglio and
                  Mirko Viroli},
  title        = {Modelling and simulation of Opportunistic IoT Services with Aggregate
                  Computing},
  journal      = {Future Gener. Comput. Syst.},
  volume       = {91},
  pages        = {252--262},
  year         = {2019},
  url          = {https://doi.org/10.1016/j.future.2018.09.005},
  doi          = {10.1016/J.FUTURE.2018.09.005},
  timestamp    = {Mon, 03 Jan 2022 21:54:05 +0100},
  biburl       = {https://dblp.org/rec/journals/fgcs/CasadeiFPRSV19.bib},
  bibsource    = {dblp computer science bibliography, https://dblp.org}
}

@incollection{Democracy2018,
  author       = {Danilo Pianini and
                  Andrea Omicini},
  editor       = {Pierluigi Contucci and
                  Andrea Omicini and
                  Danilo Pianini and
                  Alina Sîrbu},
  title        = {Democratic Process and Digital Platforms: An Engineering Perspective},
  booktitle    = {The Future of Digital Democracy - An Interdisciplinary Approach},
  series       = {Lecture Notes in Computer Science},
  volume       = {11300},
  pages        = {83--96},
  publisher    = {Springer},
  year         = {2019},
  url          = {https://doi.org/10.1007/978-3-030-05333-8\_6},
  doi          = {10.1007/978-3-030-05333-8\_6},
  timestamp    = {Sun, 04 Aug 2024 19:52:32 +0200},
  biburl       = {https://dblp.org/rec/series/lncs/PianiniO19.bib},
  bibsource    = {dblp computer science bibliography, https://dblp.org}
}

@book{DemocracyBook2019,
  editor       = {Pierluigi Contucci and
                  Andrea Omicini and
                  Danilo Pianini and
                  Alina Sîrbu},
  title        = {The Future of Digital Democracy - An Interdisciplinary Approach},
  series       = {Lecture Notes in Computer Science},
  volume       = {11300},
  publisher    = {Springer},
  year         = {2019},
  url          = {https://doi.org/10.1007/978-3-030-05333-8},
  doi          = {10.1007/978-3-030-05333-8},
  isbn         = {978-3-030-05332-1},
  timestamp    = {Sun, 04 Aug 2024 19:52:32 +0200},
  biburl       = {https://dblp.org/rec/series/lncs/11300.bib},
  bibsource    = {dblp computer science bibliography, https://dblp.org}
}

@article{TOCL2019,
  author       = {Giorgio Audrito and
                  Mirko Viroli and
                  Ferruccio Damiani and
                  Danilo Pianini and
                  Jacob Beal},
  title        = {A Higher-Order Calculus of Computational Fields},
  journal      = {{ACM} Trans. Comput. Log.},
  volume       = {20},
  number       = {1},
  pages        = {5:1--5:55},
  year         = {2019},
  url          = {https://doi.org/10.1145/3285956},
  doi          = {10.1145/3285956},
  timestamp    = {Sun, 04 Aug 2024 19:50:51 +0200},
  biburl       = {https://dblp.org/rec/journals/tocl/AudritoVDPB19.bib},
  bibsource    = {dblp computer science bibliography, https://dblp.org}
}

@inproceedings{SCaFES2018,
  author       = {Danilo Pianini and
                  Giovanni Ciatto and
                  Roberto Casadei and
                  Stefano Mariani and
                  Mirko Viroli and
                  Andrea Omicini},
  editor       = {Marco Furini and
                  Silvia Mirri and
                  Kevin Bouchard and
                  Barbara Guidi},
  title        = {Transparent Protection of Aggregate Computations from Byzantine Behaviours
                  via Blockchain},
  booktitle    = {Proceedings of the 4th {EAI} International Conference on Smart Objects
                  and Technologies for Social Good, {GOODTECHS} 2018, Bologna, Italy,
                  November 28-30, 2018},
  pages        = {271--276},
  publisher    = {{ACM}},
  year         = {2018},
  url          = {https://doi.org/10.1145/3284869.3284870},
  doi          = {10.1145/3284869.3284870},
  timestamp    = {Sun, 19 Jan 2025 13:13:39 +0100},
  biburl       = {https://dblp.org/rec/conf/goodtechs/PianiniCC0VO18.bib},
  bibsource    = {dblp computer science bibliography, https://dblp.org}
}

@article{InfoSci2019,
  author       = {Roberto Casadei and
                  Giancarlo Fortino and
                  Danilo Pianini and
                  Wilma Russo and
                  Claudio Savaglio and
                  Mirko Viroli},
  title        = {A development approach for collective opportunistic Edge-of-Things
                  services},
  journal      = {Inf. Sci.},
  volume       = {498},
  pages        = {154--169},
  year         = {2019},
  url          = {https://doi.org/10.1016/j.ins.2019.05.058},
  doi          = {10.1016/J.INS.2019.05.058},
  timestamp    = {Sun, 19 Jan 2025 14:17:24 +0100},
  biburl       = {https://dblp.org/rec/journals/isci/CasadeiFPRSV19.bib},
  bibsource    = {dblp computer science bibliography, https://dblp.org}
}

@inproceedings{CCNCPS2018,
  author       = {Mirko Viroli and
                  Jacob Beal and
                  Ferruccio Damiani and
                  Giorgio Audrito and
                  Roberto Casadei and
                  Danilo Pianini},
  editor       = {Giovanna Di Marzo Serugendo and
                  Michele Loreti},
  title        = {From Field-Based Coordination to Aggregate Computing},
  booktitle    = {Coordination Models and Languages - 20th {IFIP} {WG} 6.1 International
                  Conference, {COORDINATION} 2018, Held as Part of the 13th International
                  Federated Conference on Distributed Computing Techniques, DisCoTec
                  2018, Madrid, Spain, June 18-21, 2018. Proceedings},
  series       = {Lecture Notes in Computer Science},
  volume       = {10852},
  pages        = {252--279},
  publisher    = {Springer},
  year         = {2018},
  url          = {https://doi.org/10.1007/978-3-319-92408-3\_12},
  doi          = {10.1007/978-3-319-92408-3\_12},
  timestamp    = {Sun, 04 Aug 2024 19:42:18 +0200},
  biburl       = {https://dblp.org/rec/conf/coordination/ViroliBDACP18.bib},
  bibsource    = {dblp computer science bibliography, https://dblp.org}
}

@incollection{FORTE2019,
  author       = {Giorgio Audrito and
                  Mirko Viroli and
                  Ferruccio Damiani and
                  Danilo Pianini and
                  Jacob Beal},
  editor       = {Jorge A. P{\'{e}}rez and
                  Nobuko Yoshida},
  title        = {On a Higher-Order Calculus of Computational Fields},
  booktitle    = {Formal Techniques for Distributed Objects, Components, and Systems
                  - 39th {IFIP} {WG} 6.1 International Conference, {FORTE} 2019, Held
                  as Part of the 14th International Federated Conference on Distributed
                  Computing Techniques, DisCoTec 2019, Kongens Lyngby, Denmark, June
                  17-21, 2019, Proceedings},
  series       = {Lecture Notes in Computer Science},
  volume       = {11535},
  pages        = {289--292},
  publisher    = {Springer},
  year         = {2019},
  url          = {https://doi.org/10.1007/978-3-030-21759-4\_17},
  doi          = {10.1007/978-3-030-21759-4\_17},
  timestamp    = {Wed, 02 Dec 2020 13:20:40 +0100},
  biburl       = {https://dblp.org/rec/conf/forte/AudritoVDPB19.bib},
  bibsource    = {dblp computer science bibliography, https://dblp.org}
}

@incollection{Coordination2019-processes,
  author       = {Roberto Casadei and
                  Mirko Viroli and
                  Giorgio Audrito and
                  Danilo Pianini and
                  Ferruccio Damiani},
  editor       = {Hanne Riis Nielson and
                  Emilio Tuosto},
  title        = {Aggregate Processes in Field Calculus},
  booktitle    = {Coordination Models and Languages - 21st {IFIP} {WG} 6.1 International
                  Conference, {COORDINATION} 2019, Held as Part of the 14th International
                  Federated Conference on Distributed Computing Techniques, DisCoTec
                  2019, Kongens Lyngby, Denmark, June 17-21, 2019, Proceedings},
  series       = {Lecture Notes in Computer Science},
  volume       = {11533},
  pages        = {200--217},
  publisher    = {Springer},
  year         = {2019},
  url          = {https://doi.org/10.1007/978-3-030-22397-7\_12},
  doi          = {10.1007/978-3-030-22397-7\_12},
  timestamp    = {Sun, 19 Jan 2025 13:15:30 +0100},
  biburl       = {https://dblp.org/rec/conf/coordination/CasadeiVAPD19.bib},
  bibsource    = {dblp computer science bibliography, https://dblp.org}
}

@incollection{Coordination2019-sgcg,
  author       = {Roberto Casadei and
                  Danilo Pianini and
                  Mirko Viroli and
                  Antonio Natali},
  editor       = {Hanne Riis Nielson and
                  Emilio Tuosto},
  title        = {Self-organising Coordination Regions: {A} Pattern for Edge Computing},
  booktitle    = {Coordination Models and Languages - 21st {IFIP} {WG} 6.1 International
                  Conference, {COORDINATION} 2019, Held as Part of the 14th International
                  Federated Conference on Distributed Computing Techniques, DisCoTec
                  2019, Kongens Lyngby, Denmark, June 17-21, 2019, Proceedings},
  series       = {Lecture Notes in Computer Science},
  volume       = {11533},
  pages        = {182--199},
  publisher    = {Springer},
  year         = {2019},
  url          = {https://doi.org/10.1007/978-3-030-22397-7\_11},
  doi          = {10.1007/978-3-030-22397-7\_11},
  timestamp    = {Sun, 19 Jan 2025 13:15:30 +0100},
  biburl       = {https://dblp.org/rec/conf/coordination/CasadeiPVN19.bib},
  bibsource    = {dblp computer science bibliography, https://dblp.org}
}

@incollection{Coordination2019-share,
  author       = {Giorgio Audrito and
                  Jacob Beal and
                  Ferruccio Damiani and
                  Danilo Pianini and
                  Mirko Viroli},
  editor       = {Hanne Riis Nielson and
                  Emilio Tuosto},
  title        = {The share Operator for Field-Based Coordination},
  booktitle    = {Coordination Models and Languages - 21st {IFIP} {WG} 6.1 International
                  Conference, {COORDINATION} 2019, Held as Part of the 14th International
                  Federated Conference on Distributed Computing Techniques, DisCoTec
                  2019, Kongens Lyngby, Denmark, June 17-21, 2019, Proceedings},
  series       = {Lecture Notes in Computer Science},
  volume       = {11533},
  pages        = {54--71},
  publisher    = {Springer},
  year         = {2019},
  url          = {https://doi.org/10.1007/978-3-030-22397-7\_4},
  doi          = {10.1007/978-3-030-22397-7\_4},
  timestamp    = {Sun, 19 Jan 2025 13:15:30 +0100},
  biburl       = {https://dblp.org/rec/conf/coordination/AudritoBDPV19.bib},
  bibsource    = {dblp computer science bibliography, https://dblp.org}
}

@inproceedings{ecas2019-context,
  author       = {Roberto Casadei and
                  Danilo Pianini and
                  Guido Salvaneschi and
                  Mirko Viroli},
  title        = {On Context-Orientation in Aggregate Programming},
  booktitle    = {{IEEE} 4th International Workshops on Foundations and Applications
                  of Self* Systems, FAS*W@SASO/ICCAC 2019, Umea, Sweden, June 16-20,
                  2019},
  pages        = {92--97},
  publisher    = {{IEEE}},
  year         = {2019},
  url          = {https://doi.org/10.1109/FAS-W.2019.00035},
  doi          = {10.1109/FAS-W.2019.00035},
  timestamp    = {Sun, 04 Aug 2024 19:42:56 +0200},
  biburl       = {https://dblp.org/rec/conf/saso/CasadeiPSV19.bib},
  bibsource    = {dblp computer science bibliography, https://dblp.org}
}

@inproceedings{ecas2019-security,
  author       = {Danilo Pianini and
                  Roberto Casadei and
                  Mirko Viroli},
  title        = {Security in Collective Adaptive Systems: {A} Roadmap},
  booktitle    = {{IEEE} 4th International Workshops on Foundations and Applications
                  of Self* Systems, FAS*W@SASO/ICCAC 2019, Umea, Sweden, June 16-20,
                  2019},
  pages        = {86--91},
  publisher    = {{IEEE}},
  year         = {2019},
  url          = {https://doi.org/10.1109/FAS-W.2019.00034},
  doi          = {10.1109/FAS-W.2019.00034},
  timestamp    = {Sun, 04 Aug 2024 19:42:56 +0200},
  biburl       = {https://dblp.org/rec/conf/saso/PianiniCV19.bib},
  bibsource    = {dblp computer science bibliography, https://dblp.org}
}

@article{JLAMP2019,
  author       = {Mirko Viroli and
                  Jacob Beal and
                  Ferruccio Damiani and
                  Giorgio Audrito and
                  Roberto Casadei and
                  Danilo Pianini},
  title        = {From distributed coordination to field calculus and aggregate computing},
  journal      = {J. Log. Algebraic Methods Program.},
  volume       = {109},
  year         = {2019},
  url          = {https://doi.org/10.1016/j.jlamp.2019.100486},
  doi          = {10.1016/J.JLAMP.2019.100486},
  timestamp    = {Sun, 04 Aug 2024 19:52:19 +0200},
  biburl       = {https://dblp.org/rec/journals/jlap/ViroliBDACP19.bib},
  bibsource    = {dblp computer science bibliography, https://dblp.org}
}

@inproceedings{AIIA2019-fluidware,
  author    = {Stefano Mariani and
               Roberto Casadei and
               Fabrizio Fornari and
               Giancarlo Fortino and
               Danilo Pianini and
               Barbara Re and
               Wilma Russo and
               Claudio Savaglio and
               Mirko Viroli and
               Franco Zambonelli},
  title     = {Case Studies for a New IoT Programming Paradigm: Fluidware},
  booktitle = {Proceedings of the 1st Workshop on Artificial Intelligence and Internet
               of Things co-located with the 18th International Conference of the
               Italian Association for Artificial Intelligence (AI*IA 2019), Rende
               (CS), Italy, November 22, 2019},
  pages     = {82--96},
  year      = {2019},
  url       = {http://ceur-ws.org/Vol-2502/paper6.pdf},
  timestamp = {Thu, 28 Nov 2019 16:25:44 +0100},
  biburl    = {https://dblp.org/rec/bib/conf/aiia/0001CFFP0RSVZ19},
  bibsource = {dblp computer science bibliography, https://dblp.org}
}

@inproceedings{Coordination2020-timefluid,
  author    = {Danilo Pianini and
               Stefano Mariani and
               Mirko Viroli and
               Franco Zambonelli},
  title     = {Time-Fluid Field-Based Coordination},
  booktitle = {Coordination Models and Languages - 22nd {IFIP} {WG} 6.1 International
               Conference, {COORDINATION} 2020, Held as Part of the 15th International
               Federated Conference on Distributed Computing Techniques, DisCoTec
               2020, Valletta, Malta, June 15-19, 2020, Proceedings},
  pages     = {193--210},
  year      = {2020},
  url       = {https://doi.org/10.1007/978-3-030-50029-0_13},
  doi       = {10.1007/978-3-030-50029-0_13},
  timestamp = {Mon, 15 Jun 2020 17:01:15 +0200},
  biburl    = {https://dblp.org/rec/conf/coordination/Pianini0VZ20.bib},
  bibsource = {dblp computer science bibliography, https://dblp.org}
}

@article{FGCS2020-SCR,
  author       = {Danilo Pianini and
                  Roberto Casadei and
                  Mirko Viroli and
                  Antonio Natali},
  title        = {Partitioned integration and coordination via the self-organising coordination
                  regions pattern},
  journal      = {Future Gener. Comput. Syst.},
  volume       = {114},
  pages        = {44--68},
  year         = {2021},
  url          = {https://doi.org/10.1016/j.future.2020.07.032},
  doi          = {10.1016/j.future.2020.07.032},
  timestamp    = {Mon, 26 Oct 2020 08:22:20 +0100},
  biburl       = {https://dblp.org/rec/journals/fgcs/PianiniCVN21.bib},
  bibsource    = {dblp computer science bibliography, https://dblp.org}
}

@article{IEEETSM2020-ecas,
  author    = {Antonio Bucchiarone and
               Mirko D'Angelo and
               Danilo Pianini and
               Giacomo Cabri and
               Martina De Sanctis and
               Mirko Viroli and
               Roberto Casadei and
               Simon Dobson},
  title     = {On the Social Implications of Collective Adaptive Systems},
  journal   = {{IEEE} Technol. Soc. Mag.},
  volume    = {39},
  number    = {3},
  pages     = {36--46},
  year      = {2020},
  url       = {https://doi.org/10.1109/MTS.2020.3012324},
  doi       = {10.1109/MTS.2020.3012324},
  timestamp = {Tue, 06 Oct 2020 08:58:26 +0200},
  biburl    = {https://dblp.org/rec/journals/tasm/BucchiaroneDPCS20.bib},
  bibsource = {dblp computer science bibliography, https://dblp.org}
}

@article{LMCS2020-share,
  author    = {Giorgio Audrito and
               Jacob Beal and
               Ferruccio Damiani and
               Danilo Pianini and
               Mirko Viroli},
  title     = {Field-based Coordination with the Share Operator},
  journal   = {Log. Methods Comput. Sci.},
  volume    = {16},
  number    = {4},
  year      = {2020},
  url       = {https://lmcs.episciences.org/6816},
  timestamp = {Wed, 28 Oct 2020 17:00:55 +0100},
  biburl    = {https://dblp.org/rec/journals/lmcs/AudritoBDPV20.bib},
  bibsource = {dblp computer science bibliography, https://dblp.org}
}

@article{EAAI2020-processes,
  author       = {Roberto Casadei and
                  Mirko Viroli and
                  Giorgio Audrito and
                  Danilo Pianini and
                  Ferruccio Damiani},
  title        = {Engineering collective intelligence at the edge with aggregate processes},
  journal      = {Eng. Appl. Artif. Intell.},
  volume       = {97},
  pages        = {104081},
  year         = {2021},
  url          = {https://doi.org/10.1016/j.engappai.2020.104081},
  doi          = {10.1016/j.engappai.2020.104081},
  timestamp    = {Thu, 14 Oct 2021 08:47:25 +0200},
  biburl       = {https://dblp.org/rec/journals/eaai/CasadeiVAPD21.bib},
  bibsource    = {dblp computer science bibliography, https://dblp.org}
}

@article{FI2020-pulverization,
  author       = {Roberto Casadei and
                  Danilo Pianini and
                  Andrea Placuzzi and
                  Mirko Viroli and
                  Danny Weyns},
  title        = {Pulverization in Cyber-Physical Systems: Engineering the Self-Organizing
                  Logic Separated from Deployment},
  journal      = {Future Internet},
  volume       = {12},
  number       = {11},
  pages        = {203},
  year         = {2020},
  url          = {https://doi.org/10.3390/fi12110203},
  doi          = {10.3390/FI12110203},
  timestamp    = {Thu, 16 Sep 2021 18:02:50 +0200},
  biburl       = {https://dblp.org/rec/journals/fi/CasadeiPPVW20.bib},
  bibsource    = {dblp computer science bibliography, https://dblp.org}
}

@article{SCP2020-aggregate-centrality,
  author    = {Giorgio Audrito and
               Danilo Pianini and
               Ferruccio Damiani and
               Mirko Viroli},
  title     = {Aggregate centrality measures for IoT-based coordination},
  journal   = {Sci. Comput. Program.},
  volume    = {203},
  pages     = {102584},
  year      = {2021},
  url       = {https://doi.org/10.1016/j.scico.2020.102584},
  doi       = {10.1016/j.scico.2020.102584},
  timestamp = {Mon, 08 Mar 2021 13:41:32 +0100},
  biburl    = {https://dblp.org/rec/journals/scp/AudritoPDV21.bib},
  bibsource = {dblp computer science bibliography, https://dblp.org}
}

@incollection{Coordination2021-scafiweb,
  author       = {Gianluca Aguzzi and
                  Roberto Casadei and
                  Niccol{\`{o}} Maltoni and
                  Danilo Pianini and
                  Mirko Viroli},
  editor       = {Ferruccio Damiani and
                  Ornela Dardha},
  title        = {ScaFi-Web: {A} Web-Based Application for Field-Based Coordination
                  Programming},
  booktitle    = {Coordination Models and Languages - 23rd {IFIP} {WG} 6.1 International
                  Conference, {COORDINATION} 2021, Held as Part of the 16th International
                  Federated Conference on Distributed Computing Techniques, DisCoTec
                  2021, Valletta, Malta, June 14-18, 2021, Proceedings},
  series       = {Lecture Notes in Computer Science},
  volume       = {12717},
  pages        = {285--299},
  publisher    = {Springer},
  year         = {2021},
  url          = {https://doi.org/10.1007/978-3-030-78142-2\_18},
  doi          = {10.1007/978-3-030-78142-2\_18},
  timestamp    = {Mon, 03 Mar 2025 21:01:00 +0100},
  biburl       = {https://dblp.org/rec/conf/coordination/AguzziCMPV21.bib},
  bibsource    = {dblp computer science bibliography, https://dblp.org}
}

@incollection{Coordination2021-alchemist-tutorial,
  author       = {Danilo Pianini},
  editor       = {Miguel Matos and
                  Fab{\'{\i}}ola Greve},
  title        = {Simulation of Large Scale Computational Ecosystems with Alchemist:
                  {A} Tutorial},
  booktitle    = {Distributed Applications and Interoperable Systems - 21st {IFIP} {WG}
                  6.1 International Conference, {DAIS} 2021, Held as Part of the 16th
                  International Federated Conference on Distributed Computing Techniques,
                  DisCoTec 2021, Valletta, Malta, June 14-18, 2021, Proceedings},
  series       = {Lecture Notes in Computer Science},
  volume       = {12718},
  pages        = {145--161},
  publisher    = {Springer},
  year         = {2021},
  url          = {https://doi.org/10.1007/978-3-030-78198-9\_10},
  doi          = {10.1007/978-3-030-78198-9\_10},
  timestamp    = {Tue, 15 Jun 2021 17:23:41 +0200},
  biburl       = {https://dblp.org/rec/conf/dais/Pianini21.bib},
  bibsource    = {dblp computer science bibliography, https://dblp.org}
}

@inproceedings{ICSME2021-ci,
  author    = {Danilo Pianini and
               Alessandro Neri},
  title     = {Breaking down monoliths with Microservices and DevOps: an industrial
               experience report},
  booktitle = {{IEEE} International Conference on Software Maintenance and Evolution,
               {ICSME} 2021, Luxembourg, September 27 - October 1, 2021},
  pages     = {505--514},
  publisher = {{IEEE}},
  year      = {2021},
  url       = {https://doi.org/10.1109/ICSME52107.2021.00051},
  doi       = {10.1109/ICSME52107.2021.00051},
  timestamp = {Mon, 29 Nov 2021 16:47:54 +0100},
  biburl    = {https://dblp.org/rec/conf/icsm/Pianini021.bib},
  bibsource = {dblp computer science bibliography, https://dblp.org}
}

@article{LMCS2020-timefluid,
  author       = {Danilo Pianini and
                  Roberto Casadei and
                  Mirko Viroli and
                  Stefano Mariani and
                  Franco Zambonelli},
  title        = {Time-Fluid Field-Based Coordination through Programmable Distributed
                  Schedulers},
  journal      = {Log. Methods Comput. Sci.},
  volume       = {17},
  number       = {4},
  year         = {2021},
  url          = {https://doi.org/10.46298/lmcs-17(4:13)2021},
  doi          = {10.46298/LMCS-17(4:13)2021},
  timestamp    = {Sun, 04 Aug 2024 19:51:37 +0200},
  biburl       = {https://dblp.org/rec/journals/lmcs/PianiniCVMZ21.bib},
  bibsource    = {dblp computer science bibliography, https://dblp.org}
}

@proceedings{ACSOS2021-companion,
  editor    = {Esam El-Araby and
               Vana Kalogeraki and
               Danilo Pianini and
               Fr{\'{e}}d{\'{e}}ric Lassabe and
               Barry Porter and
               Sona Ghahremani and
               Ingrid Nunes and
               Mohamed Bakhouya and
               Sven Tomforde},
  title     = {{IEEE} International Conference on Autonomic Computing and Self-Organizing
               Systems, {ACSOS} 2021, Companion Volume, Washington, DC, USA, September
               27 - Oct. 1, 2021},
  publisher = {{IEEE}},
  year      = {2021},
  url       = {https://doi.org/10.1109/ACSOS-C52956.2021},
  doi       = {10.1109/ACSOS-C52956.2021},
  isbn      = {978-1-6654-4393-7},
  timestamp = {Tue, 30 Nov 2021 17:31:23 +0100},
  biburl    = {https://dblp.org/rec/conf/acsos/2021c.bib},
  bibsource = {dblp computer science bibliography, https://dblp.org}
}

@inproceedings{eCAS2021-scafiloci,
  author    = {Gianluca Aguzzi and
               Roberto Casadei and
               Danilo Pianini and
               Guido Salvaneschi and
               Mirko Viroli},
  editor    = {Esam El-Araby and
               Vana Kalogeraki and
               Danilo Pianini and
               Fr{\'{e}}d{\'{e}}ric Lassabe and
               Barry Porter and
               Sona Ghahremani and
               Ingrid Nunes and
               Mohamed Bakhouya and
               Sven Tomforde},
  title     = {Towards Pulverised Architectures for Collective Adaptive Systems through
               Multi-Tier Programming},
  booktitle = {{IEEE} International Conference on Autonomic Computing and Self-Organizing
               Systems, {ACSOS} 2021, Companion Volume, Washington, DC, USA, September
               27 - Oct. 1, 2021},
  pages     = {99--104},
  publisher = {{IEEE}},
  year      = {2021},
  url       = {https://doi.org/10.1109/ACSOS-C52956.2021.00033},
  doi       = {10.1109/ACSOS-C52956.2021.00033},
  timestamp = {Tue, 30 Nov 2021 17:31:23 +0100},
  biburl    = {https://dblp.org/rec/conf/acsos/AguzziCPSV21.bib},
  bibsource = {dblp computer science bibliography, https://dblp.org}
}

@article{JCEE2021-optimal-collection,
  author       = {Giorgio Audrito and
                  Roberto Casadei and
                  Ferruccio Damiani and
                  Danilo Pianini and
                  Mirko Viroli},
  title        = {Optimal resilient distributed data collection in mobile edge environments},
  journal      = {Comput. Electr. Eng.},
  volume       = {96},
  number       = {Part},
  pages        = {107580},
  year         = {2021},
  url          = {https://doi.org/10.1016/j.compeleceng.2021.107580},
  doi          = {10.1016/J.COMPELECENG.2021.107580},
  timestamp    = {Tue, 08 Feb 2022 10:42:40 +0100},
  biburl       = {https://dblp.org/rec/journals/cee/AudritoCDPV21.bib},
  bibsource    = {dblp computer science bibliography, https://dblp.org}
}

@article{AppSci2021-virtual-devices,
  doi = {10.3390/app12010349},
  url = {https://doi.org/10.3390/app12010349},
  year = {2021},
  month = dec,
  publisher = {{MDPI} {AG}},
  volume = {12},
  number = {1},
  pages = {349},
  author = {Roberto Casadei and Danilo Pianini and Mirko Viroli and Danny Weyns},
  title = {Digital Twins,  Virtual Devices,  and Augmentations for Self-Organising Cyber-Physical Collectives},
  journal = {Applied Sciences}
}

@proceedings{acsos2021,
  editor    = {Esam El-Araby and
               Vana Kalogeraki and
               Danilo Pianini and
               Fr{\'{e}}d{\'{e}}ric Lassabe and
               Barry Porter and
               Sona Ghahremani and
               Ingrid Nunes and
               Mohamed Bakhouya and
               Sven Tomforde},
  title     = {{IEEE} International Conference on Autonomic Computing and Self-Organizing
               Systems, {ACSOS} 2021, Washington, DC, USA, September 27 - Oct. 1,
               2021},
  publisher = {{IEEE}},
  year      = {2021},
  url       = {https://doi.org/10.1109/ACSOS52086.2021},
  doi       = {10.1109/ACSOS52086.2021},
  isbn      = {978-1-6654-1261-2},
  timestamp = {Thu, 13 Jan 2022 08:43:55 +0100},
  biburl    = {https://dblp.org/rec/conf/acsos/2021.bib},
  bibsource = {dblp computer science bibliography, https://dblp.org}
}

@incollection{Coordination2022-space-fluid,
  author       = {Roberto Casadei and
                  Stefano Mariani and
                  Danilo Pianini and
                  Mirko Viroli and
                  Franco Zambonelli},
  editor       = {Maurice H. ter Beek and
                  Marjan Sirjani},
  title        = {Space-Fluid Adaptive Sampling: {A} Field-Based, Self-organising Approach},
  booktitle    = {Coordination Models and Languages - 24th {IFIP} {WG} 6.1 International
                  Conference, {COORDINATION} 2022, Held as Part of the 17th International
                  Federated Conference on Distributed Computing Techniques, DisCoTec
                  2022, Lucca, Italy, June 13-17, 2022, Proceedings},
  series       = {Lecture Notes in Computer Science},
  volume       = {13271},
  pages        = {99--117},
  publisher    = {Springer},
  year         = {2022},
  url          = {https://doi.org/10.1007/978-3-031-08143-9\_7},
  doi          = {10.1007/978-3-031-08143-9\_7},
  timestamp    = {Tue, 27 Dec 2022 16:06:02 +0100},
  biburl       = {https://dblp.org/rec/conf/coordination/CasadeiMPVZ22.bib},
  bibsource    = {dblp computer science bibliography, https://dblp.org}
}

@inproceedings{DBLP:conf/dasc/CasadeiPAATODV22,
  author       = {Roberto Casadei and
                  Danilo Pianini and
                  Gianluca Aguzzi and
                  Giorgio Audrito and
                  Gianluca Torta and
                  Marco Ottina and
                  Ferruccio Damiani and
                  Mirko Viroli},
  title        = {Towards Automated Engineering for Collective Adaptive Systems: Vision
                  and Research Directions},
  booktitle    = {{IEEE} Intl. Conf. on Dependable, Autonomic and Secure Computing,
                  Intl Conf on Pervasive Intelligence and Computing, Intl Conf on Cloud
                  and Big Data Computing, Intl Conf on Cyber Science and Technology
                  Congress, DASC/PiCom/CBDCom/CyberSciTech 2022, Falerna, Italy, September
                  12-15, 2022},
  pages        = {1--6},
  publisher    = {{IEEE}},
  year         = {2022},
  url          = {https://doi.org/10.1109/DASC/PiCom/CBDCom/Cy55231.2022.9927839},
  doi          = {10.1109/DASC/PiCom/CBDCom/Cy55231.2022.9927839},
  timestamp    = {Mon, 02 Jan 2023 14:34:28 +0100},
  biburl       = {https://dblp.org/rec/conf/dasc/CasadeiPAATODV22.bib},
  bibsource    = {dblp computer science bibliography, https://dblp.org}
}

@inproceedings{PianiniCV22-ACSOS-bounded-election,
  author       = {Danilo Pianini and
                  Roberto Casadei and
                  Mirko Viroli},
  editor       = {Roberto Casadei and
                  Elisabetta Di Nitto and
                  Ilias Gerostathopoulos and
                  Danilo Pianini and
                  Ivana Dusparic and
                  Timothy Wood and
                  Phyllis R. Nelson and
                  Evangelos Pournaras and
                  Nelly Bencomo and
                  Sebastian G{\"{o}}tz and
                  Christian Krupitzer and
                  Claudia Raibulet},
  title        = {Self-stabilising Priority-Based Multi-Leader Election and Network
                  Partitioning},
  booktitle    = {{IEEE} International Conference on Autonomic Computing and Self-Organizing
                  Systems, {ACSOS} 2022, Virtual, CA, USA, September 19-23, 2022},
  pages        = {81--90},
  publisher    = {{IEEE}},
  year         = {2022},
  url          = {https://doi.org/10.1109/ACSOS55765.2022.00026},
  doi          = {10.1109/ACSOS55765.2022.00026},
  timestamp    = {Wed, 16 Nov 2022 11:08:36 +0100},
  biburl       = {https://dblp.org/rec/conf/acsos/PianiniCV22.bib},
  bibsource    = {dblp computer science bibliography, https://dblp.org}
}

@proceedings{DBLP:conf/acsos/2022,
  editor       = {Roberto Casadei and
                  Elisabetta Di Nitto and
                  Ilias Gerostathopoulos and
                  Danilo Pianini and
                  Ivana Dusparic and
                  Timothy Wood and
                  Phyllis R. Nelson and
                  Evangelos Pournaras and
                  Nelly Bencomo and
                  Sebastian G{\"{o}}tz and
                  Christian Krupitzer and
                  Claudia Raibulet},
  title        = {{IEEE} International Conference on Autonomic Computing and Self-Organizing
                  Systems, {ACSOS} 2022, Virtual, CA, USA, September 19-23, 2022},
  publisher    = {{IEEE}},
  year         = {2022},
  url          = {https://doi.org/10.1109/ACSOS55765.2022},
  doi          = {10.1109/ACSOS55765.2022},
  isbn         = {978-1-6654-7137-4},
  timestamp    = {Wed, 16 Nov 2022 11:08:36 +0100},
  biburl       = {https://dblp.org/rec/conf/acsos/2022.bib},
  bibsource    = {dblp computer science bibliography, https://dblp.org}
}

@misc{DBLP:data/10/AguzziCPV22,
  author       = {Gianluca Aguzzi and
                  Roberto Casadei and
                  Danilo Pianini and
                  Mirko Viroli},
  title        = {Dynamic decentralization domains for the Internet of Things - Simulation
                  Repository},
  publisher    = {{IEEE} DataPort},
  year         = {2022},
  month        = apr,
  howpublished = {\url{https://doi.org/10.21227/qgbp-w789}},
  url          = {https://doi.org/10.21227/qgbp-w789},
  doi          = {10.21227/qgbp-w789},
  timestamp    = {Wed, 15 Mar 2023 17:37:16 +0100},
  biburl       = {https://dblp.org/rec/data/10/AguzziCPV22.bib},
  bibsource    = {dblp computer science bibliography, https://dblp.org}
}

@proceedings{DBLP:conf/acsos/2022c,
  editor       = {Roberto Casadei and
                  Elisabetta Di Nitto and
                  Ilias Gerostathopoulos and
                  Danilo Pianini and
                  Ivana Dusparic and
                  Timothy Wood and
                  Phyllis R. Nelson and
                  Evangelos Pournaras and
                  Nelly Bencomo and
                  Sebastian G{\"{o}}tz and
                  Christian Krupitzer and
                  Claudia Raibulet},
  title        = {{IEEE} International Conference on Autonomic Computing and Self-Organizing
                  Systems Companion, {ACSOS-C} 2022, Virtual, CA, USA, September 19-23,
                  2022},
  publisher    = {{IEEE}},
  year         = {2022},
  url          = {https://doi.org/10.1109/ACSOS-C56246.2022},
  doi          = {10.1109/ACSOS-C56246.2022},
  isbn         = {978-1-6654-5142-0},
  timestamp    = {Wed, 16 Nov 2022 11:08:36 +0100},
  biburl       = {https://dblp.org/rec/conf/acsos/2022c.bib},
  bibsource    = {dblp computer science bibliography, https://dblp.org}
}

@article{TAAS2022-smarcam,
  author       = {Danilo Pianini and
                  Federico Pettinari and
                  Roberto Casadei and
                  Lukas Esterle},
  title        = {A Collective Adaptive Approach to Decentralised k-Coverage in Multi-robot
                  Systems},
  journal      = {{ACM} Trans. Auton. Adapt. Syst.},
  volume       = {17},
  pages        = {4:1--4:39},
  year         = {2022},
  url          = {https://doi.org/10.1145/3547145},
  doi          = {10.1145/3547145},
  timestamp    = {Mon, 05 Dec 2022 13:35:29 +0100},
  biburl       = {https://dblp.org/rec/journals/taas/PianiniPCE22.bib},
  bibsource    = {dblp computer science bibliography, https://dblp.org}
}

@article{scafi,
  author       = {Roberto Casadei and
                  Mirko Viroli and
                  Gianluca Aguzzi and
                  Danilo Pianini},
  title        = {ScaFi: {A} Scala {DSL} and Toolkit for Aggregate Programming},
  journal      = {SoftwareX},
  volume       = {20},
  pages        = {101248},
  year         = {2022},
  url          = {https://doi.org/10.1016/j.softx.2022.101248},
  doi          = {10.1016/j.softx.2022.101248},
  timestamp    = {Fri, 10 Feb 2023 23:34:31 +0100},
  biburl       = {https://dblp.org/rec/journals/softx/CasadeiVAP22.bib},
  bibsource    = {dblp computer science bibliography, https://dblp.org}
}

@article{IEEE-IoTJ-pulverization-simulation,
  author    = {Roberto Casadei and
               Giancarlo Fortino and
               Danilo Pianini and
               Andrea Placuzzi and
               Claudio Savaglio and
               Mirko Viroli},
  title     = {A Methodology and Simulation-Based Toolchain for Estimating Deployment
               Performance of Smart Collective Services at the Edge},
  journal   = {{IEEE} Internet Things J.},
  volume    = {9},
  number    = {20},
  pages     = {20136--20148},
  year      = {2022},
  url       = {https://doi.org/10.1109/JIOT.2022.3172470},
  doi       = {10.1109/JIOT.2022.3172470},
  timestamp = {Sun, 13 Nov 2022 17:52:42 +0100},
  biburl    = {https://dblp.org/rec/journals/iotj/CasadeiFPPSV22.bib},
  bibsource = {dblp computer science bibliography, https://dblp.org}
}

@article{AguzziCPV22-IEEE-Internet-comp-decentralization-domain,
  author       = {Gianluca Aguzzi and
                  Roberto Casadei and
                  Danilo Pianini and
                  Mirko Viroli},
  title        = {Dynamic Decentralization Domains for the Internet of Things},
  journal      = {{IEEE} Internet Comput.},
  volume       = {26},
  number       = {6},
  pages        = {16--23},
  year         = {2022},
  url          = {https://doi.org/10.1109/MIC.2022.3216753},
  doi          = {10.1109/MIC.2022.3216753},
  timestamp    = {Thu, 27 Jul 2023 08:18:55 +0200},
  biburl       = {https://dblp.org/rec/journals/internet/AguzziCPV22.bib},
  bibsource    = {dblp computer science bibliography, https://dblp.org}
}

@inproceedings{DBLP:conf/dais/FilasetaP23,
  author       = {Angelo Filaseta and
                  Danilo Pianini},
  title        = {Runtime Load-Shifting of Distributed Controllers Across Networked
                  Devices},
  booktitle    = {Distributed Applications and Interoperable Systems - 23rd {IFIP} {WG}
                  6.1 International Conference, {DAIS} 2023, Held as Part of the 18th
                  International Federated Conference on Distributed Computing Techniques,
                  DisCoTec 2023, Lisbon, Portugal, June 19-23, 2023, Proceedings},
  series       = {Lecture Notes in Computer Science},
  volume       = {13909},
  pages        = {93--109},
  publisher    = {Springer},
  year         = {2023},
  url          = {https://doi.org/10.1007/978-3-031-35260-7_6},
  doi          = {10.1007/978-3-031-35260-7_6},
  timestamp    = {Fri, 07 Jul 2023 23:30:53 +0200},
  biburl       = {https://dblp.org/rec/conf/dais/FilasetaP23.bib},
  bibsource    = {dblp computer science bibliography, https://dblp.org}
}

@article{DBLP:journals/corr/abs-2210-17505,
  author       = {Roberto Casadei and
                  Stefano Mariani and
                  Danilo Pianini and
                  Mirko Viroli and
                  Franco Zambonelli},
  title        = {Space-fluid Adaptive Sampling by Self-Organisation},
  journal      = {CoRR},
  volume       = {abs/2210.17505},
  year         = {2022},
  url          = {https://doi.org/10.48550/arXiv.2210.17505},
  doi          = {10.48550/ARXIV.2210.17505},
  eprinttype    = {arXiv},
  eprint       = {2210.17505},
  timestamp    = {Thu, 03 Nov 2022 09:50:24 +0100},
  biburl       = {https://dblp.org/rec/journals/corr/abs-2210-17505.bib},
  bibsource    = {dblp computer science bibliography, https://dblp.org}
}

@inproceedings{DBLP:conf/eumas/BaiardiBCP23,
  author       = {Martina Baiardi and
                  Samuele Burattini and
                  Giovanni Ciatto and
                  Danilo Pianini},
  editor       = {Vadim Malvone and
                  Aniello Murano},
  title        = {JaKtA: {BDI} Agent-Oriented Programming in Pure Kotlin},
  booktitle    = {Multi-Agent Systems - 20th European Conference, {EUMAS} 2023, Naples,
                  Italy, September 14-15, 2023, Proceedings},
  series       = {Lecture Notes in Computer Science},
  volume       = {14282},
  pages        = {49--65},
  publisher    = {Springer},
  year         = {2023},
  url          = {https://doi.org/10.1007/978-3-031-43264-4_4},
  doi          = {10.1007/978-3-031-43264-4_4},
  timestamp    = {Sat, 30 Sep 2023 09:40:42 +0200},
  biburl       = {https://dblp.org/rec/conf/eumas/BaiardiBCP23.bib},
  bibsource    = {dblp computer science bibliography, https://dblp.org}
}

@article{DBLP:journals/taas/PianiniK23,
  author       = {Danilo Pianini and
                  Vana Kalogeraki},
  title        = {Foreword: {ACSOS} 2021 Special Issue},
  journal      = {{ACM} Trans. Auton. Adapt. Syst.},
  volume       = {18},
  number       = {3},
  pages        = {8:1--8:2},
  year         = {2023},
  url          = {https://doi.org/10.1145/3612929},
  doi          = {10.1145/3612929},
  timestamp    = {Tue, 28 Nov 2023 20:05:47 +0100},
  biburl       = {https://dblp.org/rec/journals/taas/PianiniK23.bib},
  bibsource    = {dblp computer science bibliography, https://dblp.org}
}

@inproceedings{DBLP:conf/acsos/CasadeiAAPV23,
  author       = {Roberto Casadei and
                  Francesco L. De Angelis and
                  Gianluca Aguzzi and
                  Danilo Pianini and
                  Mirko Viroli},
  title        = {Self-Organisation Programming: {A} Functional Reactive Macro Approach},
  booktitle    = {{IEEE} International Conference on Autonomic Computing and Self-Organizing
                  Systems, {ACSOS} 2023, Toronto, ON, Canada, September 25-29, 2023},
  pages        = {87--96},
  publisher    = {{IEEE}},
  year         = {2023},
  url          = {https://doi.org/10.1109/ACSOS58161.2023.00026},
  doi          = {10.1109/ACSOS58161.2023.00026},
  timestamp    = {Wed, 13 Dec 2023 14:38:49 +0100},
  biburl       = {https://dblp.org/rec/conf/acsos/CasadeiAAPV23.bib},
  bibsource    = {dblp computer science bibliography, https://dblp.org}
}

@inproceedings{DBLP:conf/acsos/BaiardiCP23,
  author       = {Martina Baiardi and
                  Giovanni Ciatto and
                  Danilo Pianini},
  title        = {Infrastructures for the Edge-Cloud Continuum on a Small Scale: {A}
                  Practical Case Study},
  booktitle    = {{IEEE} International Conference on Autonomic Computing and Self-Organizing
                  Systems, {ACSOS} 2023 - Companion, Toronto, ON, Canada, September
                  25-29, 2023},
  pages        = {128--133},
  publisher    = {{IEEE}},
  year         = {2023},
  url          = {https://doi.org/10.1109/ACSOS-C58168.2023.00052},
  doi          = {10.1109/ACSOS-C58168.2023.00052},
  timestamp    = {Sun, 14 Jan 2024 20:29:36 +0100},
  biburl       = {https://dblp.org/rec/conf/acsos/BaiardiCP23.bib},
  bibsource    = {dblp computer science bibliography, https://dblp.org}
}

@inproceedings{DBLP:conf/acsos/CasadeiAPV23,
  author       = {Roberto Casadei and
                  Gianluca Aguzzi and
                  Danilo Pianini and
                  Mirko Viroli},
  title        = {Programming (and Learning) Self-Adaptive {\&} Self-Organising
                  Behaviour with ScaFi: for Swarms, Edge-Cloud Ecosystems, and More},
  booktitle    = {{IEEE} International Conference on Autonomic Computing and Self-Organizing
                  Systems, {ACSOS} 2023 - Companion, Toronto, ON, Canada, September
                  25-29, 2023},
  pages        = {33--34},
  publisher    = {{IEEE}},
  year         = {2023},
  url          = {https://doi.org/10.1109/ACSOS-C58168.2023.00032},
  doi          = {10.1109/ACSOS-C58168.2023.00032},
  timestamp    = {Sun, 14 Jan 2024 20:29:36 +0100},
  biburl       = {https://dblp.org/rec/conf/acsos/CasadeiAPV23.bib},
  bibsource    = {dblp computer science bibliography, https://dblp.org}
}

@article{DBLP:journals/lmcs/CasadeiMPVZ23,
    author       = {Roberto Casadei and
                  Stefano Mariani and
                  Danilo Pianini and
                  Mirko Viroli and
                  Franco Zambonelli},
    title        = {Space-Fluid Adaptive Sampling by Self-Organisation},
    journal      = {Log. Methods Comput. Sci.},
    volume       = {19},
    number       = {4},
    year         = {2023},
    url          = {https://doi.org/10.46298/lmcs-19(4:29)2023},
    doi          = {10.46298/LMCS-19(4:29)2023},
    timestamp    = {Tue, 23 Jan 2024 09:45:23 +0100},
    biburl       = {https://dblp.org/rec/journals/lmcs/CasadeiMPVZ23.bib},
    bibsource    = {dblp computer science bibliography, https://dblp.org}
}

@inproceedings{DBLP:conf/atal/BaiardiBCPOR24,
  author       = {Martina Baiardi and
                  Samuele Burattini and
                  Giovanni Ciatto and
                  Danilo Pianini and
                  Andrea Omicini and
                  Alessandro Ricci},
  editor       = {Mehdi Dastani and
                  Jaime Sim{\~{a}}o Sichman and
                  Natasha Alechina and
                  Virginia Dignum},
  title        = {Concurrency Model of {BDI} Programming Frameworks: Why Should We Control
                  It?},
  booktitle    = {Proceedings of the 23rd International Conference on Autonomous Agents
                  and Multiagent Systems, {AAMAS} 2024, Auckland, New Zealand, May 6-10,
                  2024},
  pages        = {2147--2149},
  publisher    = {{ACM}},
  year         = {2024},
  url          = {https://dl.acm.org/doi/10.5555/3635637.3663089},
  doi          = {10.5555/3635637.3663089},
  timestamp    = {Fri, 03 May 2024 14:31:38 +0200},
  biburl       = {https://dblp.org/rec/conf/atal/BaiardiBCPOR24.bib},
  bibsource    = {dblp computer science bibliography, https://dblp.org}
}

@article{FarabegoliPCV24Pulverization,
  author       = {Nicolas Farabegoli and
                  Danilo Pianini and
                  Roberto Casadei and
                  Mirko Viroli},
  title        = {Scalability through Pulverisation: Declarative deployment reconfiguration
                  at runtime},
  journal      = {Future Gener. Comput. Syst.},
  volume       = {161},
  pages        = {545--558},
  year         = {2024},
  url          = {https://doi.org/10.1016/j.future.2024.07.042},
  doi          = {10.1016/J.FUTURE.2024.07.042},
  timestamp    = {Sun, 08 Sep 2024 16:07:36 +0200},
  biburl       = {https://dblp.org/rec/journals/fgcs/FarabegoliPCV24.bib},
  bibsource    = {dblp computer science bibliography, https://dblp.org}
}

@article{FarabegoliPCV2024IoT,
  author       = {Nicolas Farabegoli and
                  Danilo Pianini and
                  Roberto Casadei and
                  Mirko Viroli},
  title        = {Dynamic IoT deployment reconfiguration: {A} global-level self-organisation
                  approach},
  journal      = {Internet Things},
  volume       = {28},
  pages        = {101412},
  year         = {2024},
  url          = {https://doi.org/10.1016/j.iot.2024.101412},
  doi          = {10.1016/J.IOT.2024.101412},
  timestamp    = {Sat, 30 Nov 2024 21:09:34 +0100},
  biburl       = {https://dblp.org/rec/journals/iot/FarabegoliPCV24.bib},
  bibsource    = {dblp computer science bibliography, https://dblp.org}
}

@inproceedings{DBLP:conf/emas/BaiardiBCPRO24,
  author       = {Martina Baiardi and
                  Samuele Burattini and
                  Giovanni Ciatto and
                  Danilo Pianini and
                  Alessandro Ricci and
                  Andrea Omicini},
  editor       = {Daniela Briola and
                  Rafael C. Cardoso and
                  Brian Logan},
  title        = {On the External Concurrency of Current {BDI} Frameworks for {MAS}},
  booktitle    = {Engineering Multi-Agent Systems - 12th International Workshop, {EMAS}
                  2024, Auckland, New Zealand, May 6-7, 2024, Revised Selected Papers},
  series       = {Lecture Notes in Computer Science},
  volume       = {15152},
  pages        = {42--63},
  publisher    = {Springer},
  year         = {2024},
  url          = {https://doi.org/10.1007/978-3-031-71152-7_3},
  doi          = {10.1007/978-3-031-71152-7_3},
  timestamp    = {Thu, 31 Oct 2024 08:57:25 +0100},
  biburl       = {https://dblp.org/rec/conf/emas/BaiardiBCPRO24.bib},
  bibsource    = {dblp computer science bibliography, https://dblp.org}
}

@inproceedings{DBLP:conf/acsos/CortecchiaPCC24,
  author       = {Angela Cortecchia and
                  Danilo Pianini and
                  Giovanni Ciatto and
                  Roberto Casadei},
  title        = {An Aggregate Vascular Morphogenesis Controller for Engineered Self-Organising
                  Spatial Structures},
  booktitle    = {{IEEE} International Conference on Autonomic Computing and Self-Organizing
                  Systems, {ACSOS} 2024, Aarhus, Denmark, September 16-20, 2024},
  pages        = {133--138},
  publisher    = {{IEEE}},
  year         = {2024},
  url          = {https://doi.org/10.1109/ACSOS61780.2024.00032},
  doi          = {10.1109/ACSOS61780.2024.00032},
  timestamp    = {Fri, 13 Dec 2024 14:18:41 +0100},
  biburl       = {https://dblp.org/rec/conf/acsos/CortecchiaPCC24.bib},
  bibsource    = {dblp computer science bibliography, https://dblp.org}
}

@inproceedings{DBLP:conf/acsos/GrushchakKPFABS24,
  author       = {Denys Grushchak and
                  Jenna Kline and
                  Danilo Pianini and
                  Nicolas Farabegoli and
                  Gianluca Aguzzi and
                  Martina Baiardi and
                  Christopher Stewart},
  title        = {Decentralized Multi-Drone Coordination for Wildlife Video Acquisition},
  booktitle    = {{IEEE} International Conference on Autonomic Computing and Self-Organizing
                  Systems, {ACSOS} 2024, Aarhus, Denmark, September 16-20, 2024},
  pages        = {31--40},
  publisher    = {{IEEE}},
  year         = {2024},
  url          = {https://doi.org/10.1109/ACSOS61780.2024.00021},
  doi          = {10.1109/ACSOS61780.2024.00021},
  timestamp    = {Fri, 13 Dec 2024 14:18:41 +0100},
  biburl       = {https://dblp.org/rec/conf/acsos/GrushchakKPFABS24.bib},
  bibsource    = {dblp computer science bibliography, https://dblp.org}
}

@inproceedings{PianiniTomfordeSISSY2024,
  author       = {Danilo Pianini and
                  Sven Tomforde},
  title        = {Towards Adaptive Trajectories for Mixed Autonomous and Human-Operated
                  Ships},
  booktitle    = {{IEEE} International Conference on Autonomic Computing and Self-Organizing
                  Systems, {ACSOS} 2024 - Companion, Aarhus, Denmark, September 16-20,
                  2024},
  pages        = {29--34},
  publisher    = {{IEEE}},
  year         = {2024},
  url          = {https://doi.org/10.1109/ACSOS-C63493.2024.00026},
  doi          = {10.1109/ACSOS-C63493.2024.00026},
  timestamp    = {Fri, 13 Dec 2024 14:26:40 +0100},
  biburl       = {https://dblp.org/rec/conf/acsos/PianiniT24.bib},
  bibsource    = {dblp computer science bibliography, https://dblp.org}
}

@inproceedings{DBLP:conf/acsos/PianiniBBC24,
  author       = {Danilo Pianini and
                  Martina Baiardi and
                  Samuele Burattini and
                  Giovanni Ciatto},
  title        = {Multi-Paradigm Integration for the {BDI} Resurgence},
  booktitle    = {{IEEE} International Conference on Autonomic Computing and Self-Organizing
                  Systems, {ACSOS} 2024 - Companion, Aarhus, Denmark, September 16-20,
                  2024},
  pages        = {27--28},
  publisher    = {{IEEE}},
  year         = {2024},
  url          = {https://doi.org/10.1109/ACSOS-C63493.2024.00025},
  doi          = {10.1109/ACSOS-C63493.2024.00025},
  timestamp    = {Fri, 13 Dec 2024 14:26:40 +0100},
  biburl       = {https://dblp.org/rec/conf/acsos/PianiniBBC24.bib},
  bibsource    = {dblp computer science bibliography, https://dblp.org}
}

@inproceedings{DBLP:conf/acsos/GrushchakKPF24,
  author       = {Denys Grushchak and
                  Jenna Kline and
                  Danilo Pianini and
                  Nicolas Farabegoli},
  title        = {An Agent-Based Model of Directional Multi-Herds},
  booktitle    = {{IEEE} International Conference on Autonomic Computing and Self-Organizing
                  Systems, {ACSOS} 2024 - Companion, Aarhus, Denmark, September 16-20,
                  2024},
  pages        = {15--20},
  publisher    = {{IEEE}},
  year         = {2024},
  url          = {https://doi.org/10.1109/ACSOS-C63493.2024.00023},
  doi          = {10.1109/ACSOS-C63493.2024.00023},
  timestamp    = {Fri, 13 Dec 2024 14:26:40 +0100},
  biburl       = {https://dblp.org/rec/conf/acsos/GrushchakKPF24.bib},
  bibsource    = {dblp computer science bibliography, https://dblp.org}
}

@inbook{fluidware-space-time-fluid,
  title = {Space-Fluid and Time-Fluid Programming},
  ISBN = {9783031621468},
  ISSN = {2199-1081},
  url = {http://dx.doi.org/10.1007/978-3-031-62146-8_6},
  DOI = {10.1007/978-3-031-62146-8_6},
  booktitle = {Fluidware},
  publisher = {Springer International Publishing},
  author = {Pianini,  Danilo and Casadei,  Roberto and Mariani,  Stefano and Aguzzi,  Gianluca and Viroli,  Mirko and Zambonelli,  Franco},
  year = {2024},
  pages = {107–134}
}

@inbook{fluidware-simulation,
  title = {Smart Collective Services in the Edge–Cloud Continuum Based on a Simulation-Driven Toolchain},
  ISBN = {9783031621468},
  ISSN = {2199-1081},
  url = {http://dx.doi.org/10.1007/978-3-031-62146-8_8},
  DOI = {10.1007/978-3-031-62146-8_8},
  booktitle = {Fluidware},
  publisher = {Springer International Publishing},
  author = {Pianini,  Danilo and Savaglio,  Claudio},
  year = {2024},
  pages = {155–164}
}

@inbook{fluidware-bricks,
  title = {Envisioning Unpredictability in Smart Environments},
  ISBN = {9783031621468},
  ISSN = {2199-1081},
  url = {http://dx.doi.org/10.1007/978-3-031-62146-8_9},
  DOI = {10.1007/978-3-031-62146-8_9},
  booktitle = {Fluidware},
  publisher = {Springer International Publishing},
  author = {Pianini,  Danilo and Re,  Barbara and Rossi,  Lorenzo and Zambonelli,  Franco},
  year = {2024},
  pages = {165–178}
}

@inproceedings{FilasetaDSRT2024,
  author       = {Angelo Filaseta and
                  Danilo Pianini and
                  Angela Cortecchia},
  title        = {An Architecture and Prototype for Monitoring Distributed Simulations
                  of Distributed Systems},
  booktitle    = {28th International Symposium on Distributed Simulation and Real Time
                  Applications, {DS-RT} 2024, Urbino, Italy, October 7-9, 2024},
  pages        = {158--165},
  publisher    = {{IEEE}},
  year         = {2024},
  url          = {https://doi.org/10.1109/DS-RT62209.2024.00037},
  doi          = {10.1109/DS-RT62209.2024.00037},
  timestamp    = {Thu, 01 May 2025 20:21:24 +0200},
  biburl       = {https://dblp.org/rec/conf/dsrt/FilasetaPC24.bib},
  bibsource    = {dblp computer science bibliography, https://dblp.org}
}

@article{DBLP:journals/sncs/BaiardiBCP24,
    author       = {Martina Baiardi and
                  Samuele Burattini and
                  Giovanni Ciatto and
                  Danilo Pianini},
    title        = {Blending {BDI} Agents with Object-Oriented and Functional Programming
                  with JaKtA},
    journal      = {{SN} Comput. Sci.},
    volume       = {5},
    number       = {8},
    pages        = {1003},
    year         = {2024},
    url          = {https://doi.org/10.1007/s42979-024-03244-y},
    doi          = {10.1007/S42979-024-03244-Y},
    timestamp    = {Tue, 07 Jan 2025 23:24:42 +0100},
    biburl       = {https://dblp.org/rec/journals/sncs/BaiardiBCP24.bib},
    bibsource    = {dblp computer science bibliography, https://dblp.org}
}

@inproceedings{DBLP:conf/dsrt/FilasetaPC24,
  author       = {Angelo Filaseta and
                  Danilo Pianini and
                  Angela Cortecchia},
  title        = {An Architecture and Prototype for Monitoring Distributed Simulations
                  of Distributed Systems},
  booktitle    = {28th International Symposium on Distributed Simulation and Real Time
                  Applications, {DS-RT} 2024, Urbino, Italy, October 7-9, 2024},
  pages        = {158--165},
  publisher    = {{IEEE}},
  year         = {2024},
  url          = {https://doi.org/10.1109/DS-RT62209.2024.00037},
  doi          = {10.1109/DS-RT62209.2024.00037},
  timestamp    = {Thu, 17 Apr 2025 16:07:35 +0200},
  biburl       = {https://dblp.org/rec/conf/dsrt/FilasetaPC24.bib},
  bibsource    = {dblp computer science bibliography, https://dblp.org}
}

@inproceedings{DBLP:conf/dsrt/ShaiakhmetovPVP24,
  author       = {Ruslan Shaiakhmetov and
                  Danilo Pianini and
                  Valter Venusti and
                  Alessandro V. Papadopoulos},
  title        = {A Data-Driven Predictive Control Driver for Racing Car Simulation},
  booktitle    = {28th International Symposium on Distributed Simulation and Real Time
                  Applications, {DS-RT} 2024, Urbino, Italy, October 7-9, 2024},
  pages        = {140--143},
  publisher    = {{IEEE}},
  year         = {2024},
  url          = {https://doi.org/10.1109/DS-RT62209.2024.00033},
  doi          = {10.1109/DS-RT62209.2024.00033},
  timestamp    = {Thu, 17 Apr 2025 16:07:35 +0200},
  biburl       = {https://dblp.org/rec/conf/dsrt/ShaiakhmetovPVP24.bib},
  bibsource    = {dblp computer science bibliography, https://dblp.org}
}

@inproceedings{DBLP:conf/dsrt/DominiAPV24,
  author       = {Davide Domini and
                  Gianluca Aguzzi and
                  Danilo Pianini and
                  Mirko Viroli},
  title        = {A Reusable Simulation Pipeline for Many-Agent Reinforcement Learning},
  booktitle    = {28th International Symposium on Distributed Simulation and Real Time
                  Applications, {DS-RT} 2024, Urbino, Italy, October 7-9, 2024},
  pages        = {83--90},
  publisher    = {{IEEE}},
  year         = {2024},
  url          = {https://doi.org/10.1109/DS-RT62209.2024.00021},
  doi          = {10.1109/DS-RT62209.2024.00021},
  timestamp    = {Thu, 17 Apr 2025 16:07:35 +0200},
  biburl       = {https://dblp.org/rec/conf/dsrt/DominiAPV24.bib},
  bibsource    = {dblp computer science bibliography, https://dblp.org}
}

@inproceedings{DBLP:conf/fsen/ShaiakhmetovPDV25,
  author       = {Ruslan Shaiakhmetov and
                  Danilo Pianini and
                  Gabriele D'Angelo and
                  Valter Venusti},
  editor       = {Hossein Hojjat and
                  Georgiana Caltais},
  title        = {Streamlining Parameter Tuning in Full-Body Racing Simulators with
                  an Automated Pipeline},
  booktitle    = {Fundamentals of Software Engineering - 11th {IFIP} {WG} 2.2 International
                  Conference, {FSEN} 2025, V{\"{a}}ster{\aa}s, Sweden, April 7-8,
                  2025, Proceedings},
  series       = {Lecture Notes in Computer Science},
  volume       = {15593},
  pages        = {155--169},
  publisher    = {Springer},
  year         = {2025},
  url          = {https://doi.org/10.1007/978-3-031-87054-5\_11},
  doi          = {10.1007/978-3-031-87054-5\_11},
  timestamp    = {Wed, 02 Apr 2025 18:03:04 +0200},
  biburl       = {https://dblp.org/rec/conf/fsen/ShaiakhmetovPDV25.bib},
  bibsource    = {dblp computer science bibliography, https://dblp.org}
}

@article{DBLP:journals/tosem/CasadeiAADPSTV25,
  author       = {Roberto Casadei and
                  Gianluca Aguzzi and
                  Giorgio Audrito and
                  Ferruccio Damiani and
                  Danilo Pianini and
                  Giordano Scarso and
                  Gianluca Torta and
                  Mirko Viroli},
  title        = {Software Engineering for Collective Cyber-Physical Ecosystems},
  journal      = {{ACM} Trans. Softw. Eng. Methodol.},
  volume       = {34},
  number       = {5},
  pages        = {153:1--153:40},
  year         = {2025},
  url          = {https://doi.org/10.1145/3712004},
  doi          = {10.1145/3712004},
  timestamp    = {Thu, 07 Aug 2025 23:02:28 +0200},
  biburl       = {https://dblp.org/rec/journals/tosem/CasadeiAADPSTV25.bib},
  bibsource    = {dblp computer science bibliography, https://dblp.org}
}

@inproceedings{DBLP:conf/coordination/AguzziBBCCDFPV25,
  author       = {Gianluca Aguzzi and
                  Lorenzo Bacchini and
                  Martina Baiardi and
                  Roberto Casadei and
                  Angela Cortecchia and
                  Davide Domini and
                  Nicolas Farabegoli and
                  Danilo Pianini and
                  Mirko Viroli},
  editor       = {Cinzia Di Giusto and
                  Ant{\'{o}}nio Ravara},
  title        = {A Demonstrator for Self-organizing Robot Teams},
  booktitle    = {Coordination Models and Languages - 27th {IFIP} {WG} 6.1 International
                  Conference, {COORDINATION} 2025, Held as Part of the 20th International
                  Federated Conference on Distributed Computing Techniques, DisCoTec
                  2025, Lille, France, June 17-19, 2025, Proceedings},
  series       = {Lecture Notes in Computer Science},
  volume       = {15731},
  pages        = {230--244},
  publisher    = {Springer},
  year         = {2025},
  url          = {https://doi.org/10.1007/978-3-031-95589-1\_12},
  doi          = {10.1007/978-3-031-95589-1\_12},
  timestamp    = {Fri, 04 Jul 2025 22:05:42 +0200},
  biburl       = {https://dblp.org/rec/conf/coordination/AguzziBBCCDFPV25.bib},
  bibsource    = {dblp computer science bibliography, https://dblp.org}
}
